@article{araujo2022metodos,
	title={M{\'e}todos de autentica{\c{c}}{\~a}o considerando aspectos de seguran{\c{c}}a, privacidade e experi{\^e}ncia de uso: a vis{\~a}o dos usu{\'a}rios finais},
	author={Araujo, Ronald Carvalho Ribeiro de},
	year={2022}
}

@inproceedings{courb,
	author = {Gustavo Monteiro and Ramon Araújo and Lyedson Rodrigues and Rafael Menezes and Paulo Maia and Rafael Gomes},
	title = { Autenticação de Usuários e Atestação de Dispositivos em Ambientes Urbanos usando TPM},
	booktitle = {Anais do IX Workshop de Computação Urbana},
	location = {Natal/RN},
	year = {2025},
	keywords = {},
	issn = {2595-2706},
	pages = {209--222},
	publisher = {SBC},
	address = {Porto Alegre, RS, Brasil},
	doi = {10.5753/courb.2025.9502},
	url = {https://sol.sbc.org.br/index.php/courb/article/view/35262}
}
